@article{
	McCollum19,
	author = {Joey McCollum},
	title = {Biclustering Readings and Manuscripts via Non-negative Matrix Factorization, with Application to the Text of Jude},
	shorttitle = {Biclustering Readings and Manuscripts},
	journal = {Andrews University Seminary Studies},
    shortjournal = {AUSS},
    volume = {57},
	number = {1},
	year = {2019},
    pages = {61--89},
	url = {https://digitalcommons.andrews.edu/auss/vol57/iss1/6/}
}

@article{
	McCollum20-1,
	author = {Joey McCollum},
	title = {Luke 9,35 and the Power of Polygenesis},
	shorttitle = {Luke 9,35},
	journal = {Filolog√≠a Neotestamentaria},
    shortjournal = {FilNeot},
    volume = {33},
	number = {53},
	year = {2020},
    pages = {51--94}
}

@conferencepaper{
	McCollum20-2,
	author = {Joey McCollum},
	title = {The open-cbgm Library: Design and Demonstration},
	shorttitle = {The open-cbgm Library},
	eventtitle = {the Annual Meeting of the Society of Biblical Literature},
	venue = {Boston, MA},
	eventdate = {2020-12-09}
}

@article{
	McCollum21,
	author = {Joey McCollum},
	title = {The Text and Margin of Gregory-Aland 274},
	journal = {TC: A Journal of Biblical textual Criticism},
    shortjournal = {TC},
    volume = {26},
	year = {2021},
    pages = {19--105}
}

@book{
    Swanson.Luke,
    editor = {Reuben J. Swanson},
    title = {New Testament Greek Manuscripts: Variant Readings Arranged in Horizontal Lines against Codex Vaticanus. Luke},
    shorttitle = {New Testament Greek Manuscripts, Luke},
    location = {Sheffield},
    publisher = {Sheffield Academic Press},
    year = {1995}
}

@incollection{
	Mink04,
	author = {Gerd Mink},
	title = {Problems of a Highly Contaminated Tradition: The New Testament. Stemmata of Variants as a Source of a Genealogy for Witnesses},
	shorttitle = {Problems of a Highly Contaminated Tradition},
	booktitle = {Studies in Stemmatology II},
	editor = {Pieter van Reenen and August den Hollander and Margot van Mulken},
	publisher = {John Benjamins Publishing},
	location = {Amsterdam},
	year = {2004},
	pages = {13--85}
}

@book{
    Gurry17,
    author = {Peter J. Gurry},
    title = {A Critical Examination of the Coherence-Based Genealogical Method in New Testament Textual Criticism},
    shorttitle = {Critical Examination},
    series = {New Testament Tools, Studies and Documents},
    shortseries = {NTTSD},
    number = {55},
    publisher = {Brill},
    location = {Leiden},
    year = {2017}
}

@book{
	WG17,
	author = {Tommy Wasserman and Peter J. Gurry},
	title = {A New Approach to Textual Criticism: An Introduction to the Coherence-Based Genealogical Method},
	shorttitle = {A New Approach to Textual Criticism},
	series = {Resources for Biblical Study},
	shortseries = {RBS},
	number = {80},
	publisher = {SBL Press},
	location = {Atlanta, GA},
	year = {2017}
}

@phdthesis{
    Edmondson19,
    author = {Andrew Charles Edmondson},
    title = {An Analysis of the Coherence-Based Genealogical Method Using Phylogenetics},
    shorttitle = {Analysis of the Coherence-Based Genealogical Method},
    institution = {University of Birmingham},
    year = {2019},
	url= {https://etheses.bham.ac.uk/id/eprint/9150/}
}
@conferencepaper{
	Jongkind14,
	author = {Dirk Jongkind},
	title = {On the Nature and Limitations of the Coherence Based Genealogical Method},
	shorttitle = {Nature and Limitations},
	eventtitle = {the Annual Meeting of the Society of Biblical Literature},
	venue = {San Diego, CA},
	eventdate = {2014-11-22}
}
@article{
	Gurry18,
	author = {Peter Gurry},
	title = {The Harklean Syriac and the Development of the Byzantine Text: A Historical Test for the Coherence-Based Genealogical Method (CBGM)},
	shorttitle = {Harklean Syriac},
	journal = {Novum Testamentum},
	shortjournal = {NovT},
	volume = {60},
	number = {2},
	year = {2018},
	pages = {358--375}
}
@article{
    Carlson20,
    author = {Stephen C. Carlson},
    title = {A Bias at the Heart of the Coherence-Based Genealogical Method (CBGM)},
    shorttitle = {Bias},
    journal = {Journal of Biblical Literature},
    shortjournal = {JBL},
    volume = {139},
    number = {2},
    year = {2020},
    pages = {319--340}
}